@misc{ghorbani2019data,
      title={Data Shapley: Equitable Valuation of Data for Machine Learning},
      author={Amirata Ghorbani and James Zou},
      year={2019},
      eprint={1904.02868},
      archivePrefix={arXiv},
      primaryClass={stat.ML}
}

@article{GreenStrawderman2001,
    author = {Green, Edwin J. and Strawderman, William E. and Amateis, Ralph L. and Reams, Gregory A.},
    title = "{Improved Estimation for Multiple Means with Heterogeneous Variances}",
    journal = {Forest Science},
    volume = {51},
    number = {1},
    pages = {1-6},
    year = {2005},
    month = {02},
    issn = {0015-749X},
    doi = {10.1093/forestscience/51.1.1},
    url = {https://doi.org/10.1093/forestscience/51.1.1},
    eprint = {https://academic.oup.com/forestscience/article-pdf/51/1/1/22548800/forestscience0001.pdf},
}

@inproceedings{maas2011learning,
  title={Learning word vectors for sentiment analysis},
  author={Maas, Andrew and Daly, Raymond E and Pham, Peter T and Huang, Dan and Ng, Andrew Y and Potts, Christopher},
  booktitle={Proceedings of the 49th annual meeting of the association for computational linguistics: Human language technologies},
  pages={142--150},
  year={2011}
}



@misc{yang2020rethinking,
      title={Rethinking Bias-Variance Trade-off for Generalization of Neural Networks}, 
      author={Zitong Yang and Yaodong Yu and Chong You and Jacob Steinhardt and Yi Ma},
      year={2020},
      eprint={2002.11328},
      archivePrefix={arXiv},
      primaryClass={cs.LG}
}


@inproceedings{domingos2000unified,
  title={A unified bias-variance decomposition},
  author={Domingos, Pedro},
  booktitle={Proceedings of 17th International Conference on Machine Learning},
  pages={231--238},
  year={2000}
}

@article{anandkumar2014tensor,
  title={Tensor decompositions for learning latent variable models},
  author={Anandkumar, Animashree and Ge, Rong and Hsu, Daniel and Kakade, Sham M and Telgarsky, Matus},
  journal={Journal of Machine Learning Research},
  volume={15},
  pages={2773--2832},
  year={2014},
  publisher={Journal of Machine Learning Research}
}

@inproceedings{chaganty2014estimating,
  title={Estimating latent-variable graphical models using moments and likelihoods},
  author={Chaganty, Arun Tejasvi and Liang, Percy},
  booktitle={International Conference on Machine Learning},
  pages={1872--1880},
  year={2014}
}

@inproceedings{joglekar2013evaluating,
  title={Evaluating the crowd with confidence},
  author={Joglekar, Manas and Garcia-Molina, Hector and Parameswaran, Aditya},
  booktitle={Proceedings of the 19th ACM SIGKDD international conference on Knowledge discovery and data mining},
  pages={686--694},
  year={2013}
}

@inproceedings{Bhaskara14,
  title={Smoothed analysis of tensor decompositions},
  author={Aditya  Bhaskara and Moses Charikar and Ankur  Moitra and Aravindan  Vijayaraghavan },
  booktitle={Proceedings of the forty-sixth annual ACM symposium on Theory of Computing {(STOC)}},
  pages={594â€“603},
  year={2014}
}

@article{zhang2016spectral,
  title={Spectral methods meet EM: A provably optimal algorithm for crowdsourcing},
  author={Zhang, Yuchen and Chen, Xi and Zhou, Dengyong and Jordan, Michael I},
  journal={Journal of Machine Learning Research},
  volume={17},
  number={102},
  pages={1--44},
  year={2016}
}



@InProceedings{anandkumar12, 
    title = {A Method of Moments for Mixture Models and Hidden Markov Models},
    author = {Animashree Anandkumar and Daniel Hsu and Sham M. Kakade}, 
    pages = {33.1--33.34}, 
    year = {2012}, 
    editor = {Shie Mannor and Nathan Srebro and Robert C. Williamson}, 
    volume = {23}, 
    series = {Proceedings of Machine Learning Research}, 
    address = {Edinburgh, Scotland}, 
    month = {25--27 Jun}, 
    publisher = {JMLR Workshop and Conference Proceedings}, 
    pdf = {http://proceedings.mlr.press/v23/anandkumar12/anandkumar12.pdf}, 
    url = {http://proceedings.mlr.press/v23/anandkumar12.html}}


@article{hongmartin2020,
author = { Liang   Hong  and  Ryan   Martin },
title = {Model misspecification, Bayesian versus credibility estimation, and Gibbs posteriors},
journal = {Scandinavian Actuarial Journal},
volume = {2020},
number = {7},
pages = {634-649},
year  = {2020},
publisher = {Taylor & Francis},
doi = {10.1080/03461238.2019.1711154},
URL = { 
        https://doi.org/10.1080/03461238.2019.1711154
},
eprint = { 
        https://doi.org/10.1080/03461238.2019.1711154
}
}

@inproceedings{wang2019variational,
  title={Variational Bayes under model misspecification},
  author={Wang, Yixin and Blei, David},
  booktitle={Advances in Neural Information Processing Systems},
  pages={13357--13367},
  year={2019}
}

@article{JogL15,
  author    = {Varun Jog and
               Po{-}Ling Loh},
  title     = {On model misspecification and {KL} separation for Gaussian graphical
               models},
  journal   = {CoRR},
  volume    = {abs/1501.02320},
  year      = {2015},
  url       = {http://arxiv.org/abs/1501.02320},
  archivePrefix = {arXiv},
  eprint    = {1501.02320},
  timestamp = {Mon, 13 Aug 2018 16:46:11 +0200},
  biburl    = {https://dblp.org/rec/journals/corr/JogL15.bib},
  bibsource = {dblp computer science bibliography, https://dblp.org}
}

@article{kleijn2006,
author = "Kleijn, B. J. K. and van der Vaart, A. W.",
doi = "10.1214/009053606000000029",
fjournal = "Annals of Statistics",
journal = "Ann. Statist.",
month = "04",
number = "2",
pages = "837--877",
publisher = "The Institute of Mathematical Statistics",
title = "Misspecification in infinite-dimensional Bayesian statistics",
url = "https://doi.org/10.1214/009053606000000029",
volume = "34",
year = "2006"
}

@article{kleijn2012,
author = "Kleijn, B.J.K. and van der Vaart, A.W.",
doi = "10.1214/12-EJS675",
fjournal = "Electronic Journal of Statistics",
journal = "Electron. J. Statist.",
pages = "354--381",
publisher = "The Institute of Mathematical Statistics and the Bernoulli Society",
title = "The Bernstein-Von-Mises theorem under misspecification",
url = "https://doi.org/10.1214/12-EJS675",
volume = "6",
year = "2012"
}


@article{GreenStrawderman1991,
 ISSN = {01621459},
 URL = {http://www.jstor.org/stable/2290517},
 author = {Edwin J. Green and William E. Strawderman},
 journal = {Journal of the American Statistical Association},
 number = {416},
 pages = {1001--1006},
 publisher = {[American Statistical Association, Taylor & Francis, Ltd.]},
 title = {A James-Stein Type Estimator for Combining Unbiased and Possibly Biased Estimators},
 volume = {86},
 year = {1991}
}

@Article{Loh13,
  author      = {Po-Ling Loh and Martin J. Wainwright},
  title       = {Structure estimation for discrete graphical models: Generalized covariance matrices and their inverses},
  journal =	 {Annals of Statistics},
  year =	 {2013},
  volume =	 {41},
  number = {6},
  pages =	{3022--3049},
}

@Article{Chandrasekaran12,
  author      = {Venkat Chandrasekaran and Pablo A. Parrilo and Alan S. Willsky},
  title       = {Latent variable graphical model selection via convex optimization},
  journal =	 {Annals of Statistics},
  year =	 {2012},
  volume =	 {40},
  number = {4},
  pages =	{1935--1967},
}

@inproceedings{Meng14,
 title    = {Learning latent variable Gaussian graphical models},
 author    = {Zhaoshi Meng and Brian Eriksson and Alfred O. Hero {III}},
 year      = {2014},
 booktitle     = {Proceedings of the 31st International Conference on Machine Learning (ICML 2014)},
 address   = {Beijing, China},
}

@inproceedings{Hsu12,
 title    = {Identifiability and Unmixing of Latent Parse Trees},
 author    = {Daniel Hsu and Sham M. Kakade and Percy Liang},
 year      = {2012},
  booktitle={Advances in Neural Information Processing Systems},
 (NIPS 2012)},
}


@inproceedings{Kondor02,
 title    = {Diffusion kernels on graphs and other discrete input spaces},
 author    = {Kondor, R. I. and Lafferty, J},
 year      = {2014},
 booktitle     = {Proceedings of the 19th International Conference on Machine Learning (ICML 2002)},
}



@Article{Ravikumar11,
  author      = {Pradeep Ravikumar and Martin J. Wainwright and Garvesh Raskutti and Bin Yu},
  title       = {High-dimensional covariance estimation by minimizing $\ell_1$-penalized log-determinant divergence},
  journal =	 {Electronic Journal of Statistics},
  year =	 {2011},
  volume =	 {5},
  pages =	{935--980},
}


@article{Grunwald17,
  title={Inconsistency of Bayesian inference for misspecified linear models, and a proposal for repairing it},
  author={Gr{\"u}nwald, Peter and Van Ommen, Thijs and others},
  journal={Bayesian Analysis},
  volume={12},
  number={4},
  pages={1069--1103},
  year={2017},
  publisher={International Society for Bayesian Analysis}
}


@article{Blasi13,
  title={Bayesian asymptotics with misspecified models},
  author={De Blasi, Pierpaolo and Walker, Stephen G},
  journal={Statistica Sinica},
  pages={169--187},
  year={2013},
  publisher={JSTOR}
}

@article{Wang08,
  title={Label Propagation through Linear Neighborhoods},
  author={Fei Wang and Changshui Zhang},
  journal={{IEEE} Transactions on Knowledge and Data Engineering},
  pages={55--67},
  year={2008},
}

@book{koller2009probabilistic,
  title={Probabilistic graphical models: principles and techniques},
  author={Koller, Daphne and Friedman, Nir},
  year={2009},
  publisher={MIT press}
}

@book{Chapelle09,
  title={Semi-supervised learning},
  author={Chapelle, O.and Zien, A. and Scholkopf, B},
  year={2006},
  publisher={MIT press}
}

@book{Lauritzen,
  title={Graphical Models},
  author={S. Lauritzen},
  year={1996},
  publisher={Clarendon Press}
}

@article{wainwright2008graphical,
	title={Graphical models, exponential families, and variational inference},
	author={Wainwright, Martin J and Jordan, Michael I},
	journal={Foundations and Trends{\textregistered} in Machine Learning},
	volume={1},
	number={1-2},
	pages={1--305},
	year={2008},
	publisher={Now Publishers Inc.}
}

@article{fu2020fast,
  title={Fast and Three-rious: Speeding Up Weak Supervision with Triplet Methods},
  author={Fu, Daniel Y and Chen, Mayee F and Sala, Frederic and Hooper, Sarah M and Fatahalian, Kayvon and R{\'e}, Christopher},
  journal={arXiv preprint arXiv:2002.11955},
  year={2020}
}

@inproceedings{gupta2014improved,
  title={Improved pattern learning for bootstrapped entity extraction},
  author={Gupta, Sonal and Manning, Christopher D},
  booktitle={Proceedings of the Eighteenth Conference on Computational Natural Language Learning},
  pages={98--108},
  year={2014}
}

@inproceedings{karger2011iterative,
  title={Iterative learning for reliable crowdsourcing systems},
  author={Karger, David R and Oh, Sewoong and Shah, Devavrat},
  booktitle={Advances in neural information processing systems},
  pages={1953--1961},
  year={2011}
}

@inproceedings{Zhu02,
  title={Learning from Labeled and Unlabeled Data with Label Propagation},
  author={Xiaojin Zhu and Zoubin Ghahramani},
  year={2002},
}

@inproceedings{takamatsu:acl12,
  Author = {S. Takamatsu and I. Sato and H. Nakagawa},
  Booktitle = {Meeting of the Association for Computational Linguistics (ACL)},
  Title = {Reducing wrong labels in distant supervision for relation extraction},
  Year = {2012}}


@inproceedings{Mann07,
  title={Simple, robust, scalable semi-supervised learning via expectation regularization},
  author={Gideon  Mann and Andrew McCallum},
  booktitle={Proceedings of the 24th international conference on Machine learning (ICML)},
  year={2007},
}

@inproceedings{craven:ismb99,
  Author = {M. Craven and J. Kumlien},
  Booktitle = {International Conference on Intelligent Systems for Molecular Biology (ISMB)},
  Title = {Constructing Biological Knowledge Bases by Extracting Information from Text Sources},
  Year = {1999}}

@inproceedings{ratner2018snorkel,
  title={Snorkel: Rapid training data creation with weak supervision},
  author={Ratner, A.J. and Bach, S.H. and Ehrenberg, H. and Fries, J. and Wu, S. and R{\'e}, C.},
  booktitle={VLDB},
  year={2018}
}

@article{dawid1979maximum,
  title={Maximum likelihood estimation of observer error-rates using the EM algorithm},
  author={Dawid, Alexander Philip and Skene, Allan M},
  journal={Applied statistics},
  pages={20--28},
  year={1979},
  publisher={JSTOR}
}

@inproceedings{hoffmann2011knowledge,
  title={Knowledge-based weak supervision for information extraction of overlapping relations},
  author={Hoffmann, Raphael and Zhang, Congle and Ling, Xiao and Zettlemoyer, Luke and Weld, Daniel S},
  booktitle={Proceedings of the 49th Annual Meeting of the Association for Computational Linguistics: Human Language Technologies-Volume 1},
  pages={541--550},
  year={2011},
  organization={Association for Computational Linguistics}
}

@inproceedings{mintz2009distant,
  title={Distant supervision for relation extraction without labeled data},
  author={Mintz, Mike and Bills, Steven and Snow, Rion and Jurafsky, Dan},
  booktitle={Proceedings of the Joint Conference of the 47th Annual Meeting of the ACL and the 4th International Joint Conference on Natural Language Processing of the AFNLP: Volume 2-Volume 2},
  pages={1003--1011},
  year={2009},
  organization={Association for Computational Linguistics}
}

@inproceedings{Ratner16,
  title={Data programming: Creating large training sets, quickly},
  author={Ratner, Alexander J and De Sa, Christopher M and Wu, Sen and Selsam, Daniel and R{\'e}, Christopher},
  booktitle={Advances in neural information processing systems},
  pages={3567--3575},
  year={2016}
}


@article{zhu2009introduction,
  title={Introduction to semi-supervised learning},
  author={Zhu, Xiaojin and Goldberg, Andrew B},
  journal={Synthesis lectures on artificial intelligence and machine learning},
  volume={3},
  number={1},
  pages={1--130},
  year={2009},
  publisher={Morgan \& Claypool Publishers}
}


@article{Nigam2000,
  title={Text classification from labeled and unlabeled documents using {EM}},
  author={Nigam, K. and McCallum, A. K. and Thrun, S. and & Mitchell, T},
  journal={Machine Learning},
  volume={39},
  pages={103--134},
  year={2000},
}



@inproceedings{Ratner19,
  title={Training complex models with multi-task weak supervision},
  author={Ratner, Alexander and Hancock, Braden and Dunnmon, Jared and Sala, Frederic and Pandey, Shreyash and R{\'e}, Christopher},
  booktitle={Proceedings of the AAAI Conference on Artificial Intelligence},
  volume={33},
  pages={4763--4771},
  year={2019}
}

@article{varma2019learning,
  title={Learning dependency structures for weak supervision models},
  author={Varma, Paroma and Sala, Frederic and He, Ann and Ratner, Alexander and R{\'e}, Christopher},
  journal={arXiv preprint arXiv:1903.05844},
  year={2019}
}

@inproceedings{bach2017learning,
  title={Learning the structure of generative models without labeled data},
  author={Bach, Stephen H and He, Bryan and Ratner, Alexander and R{\'e}, Christopher},
  booktitle={Proceedings of the 34th International Conference on Machine Learning-Volume 70},
  pages={273--282},
  year={2017},
  organization={JMLR. org}
}

@article{Ratner17,
   title={Snorkel},
   volume={11},
   ISSN={2150-8097},
   url={http://dx.doi.org/10.14778/3157794.3157797},
   DOI={10.14778/3157794.3157797},
   number={3},
   journal={Proceedings of the VLDB Endowment},
   publisher={VLDB Endowment},
   author={Ratner, Alexander and Bach, Stephen H. and Ehrenberg, Henry and Fries, Jason and Wu, Sen and RÃ©, Christopher},
   year={2017},
   month={Nov},
   pages={269â€“282}
}

@inproceedings{alberto2015tubespam,
  title={Tubespam: Comment spam filtering on youtube},
  author={Alberto, T{\'u}lio C and Lochter, Johannes V and Almeida, Tiago A},
  booktitle={2015 IEEE 14th International Conference on Machine Learning and Applications (ICMLA)},
  pages={138--143},
  year={2015},
  organization={IEEE}
}

@inproceedings{he2016ups,
  title={Ups and downs: Modeling the visual evolution of fashion trends with one-class collaborative filtering},
  author={He, Ruining and McAuley, Julian},
  booktitle={proceedings of the 25th international conference on world wide web},
  pages={507--517},
  year={2016}
}

@inproceedings{blum1998combining,
  title={Combining labeled and unlabeled data with co-training},
  author={Blum, Avrim and Mitchell, Tom},
  booktitle={Proceedings of the eleventh annual conference on Computational learning theory},
  pages={92--100},
  year={1998}
}

@inproceedings{nashaat2018hybridization,
  title={Hybridization of Active Learning and Data Programming for Labeling Large Industrial Datasets},
  author={Nashaat, Mona and Ghosh, Aindrila and Miller, James and Quader, Shaikh and Marston, Chad and Puget, Jean-Francois},
  booktitle={2018 IEEE International Conference on Big Data (Big Data)},
  pages={46--55},
  year={2018},
  organization={IEEE}
}

@techreport{settles2009active,
  title={Active learning literature survey},
  author={Settles, Burr},
  year={2009},
  institution={University of Wisconsin-Madison Department of Computer Sciences}
}